@book{nystrom,
  title={Crafting Interpreters},
  author={Nystrom, R.},
  isbn={9780990582939},
  url={https://books.google.de/books?id=ySOBzgEACAAJ},
  year={2021},
  publisher={Genever Benning}
}


@Inbook{Dreiseitl2018,
author="Dreiseitl, Stephan",
title="Lambda-Kalk{\"u}l",
bookTitle="Mathematik f{\"u}r Software Engineering",
year="2018",
publisher="Springer Berlin Heidelberg",
address="Berlin, Heidelberg",
pages="433--449",
abstract="Der Lambda-Kalk{\"u}l ist ein formales System, das (wie etwa die Aussagenlogik in Abschnitt 2.1) syntaktisch aus wenigen Bausteinen und Bildungsregeln aufgebaut werden kann. Diese Bausteine sind spezielle Terme, die Funktionen repr{\"a}sentieren, und zwar auf zwei Ebenen: Einerseits die Ebene der Funktionsdefinition und andererseits die Ebene der Funktionsanwendung. In den meisten Bereichen der Mathematik wird zwischen diesen Ebenen nicht speziell unterschieden: So ist manchmal nur aus dem Kontext zu entscheiden, ob mit exdie Exponentialfunktion gemeint ist oder die reelle Zahl, die sich aus der Anwendung der Exponentialfunktion auf x ergibt.",
isbn="978-3-662-56733-3",
doi="10.1007/978-3-662-56733-3_10",
}